<record><leader>00000cas a22000007a 4500</leader><controlfield tag="001">10861145</controlfield><controlfield tag="008">840619d19821983mtuer ne      0    0eng d</controlfield><datafield ind1=" " ind2=" " tag="010"><subfield code="a">sn 84036086 </subfield></datafield><datafield ind1=" " ind2=" " tag="040"><subfield code="a">MTL</subfield><subfield code="b">eng</subfield><subfield code="c">MTL</subfield><subfield code="d">OCLCQ</subfield></datafield><datafield ind1=" " ind2=" " tag="042"><subfield code="a">msc</subfield></datafield><datafield ind1="0" ind2="4" tag="245"><subfield code="a">The Ashland story.</subfield></datafield><datafield ind1=" " ind2=" " tag="260"><subfield code="a">Ashland, Mont. :</subfield><subfield code="b">J. Bilbrey,</subfield><subfield code="c">1982-</subfield></datafield><datafield ind1=" " ind2=" " tag="300"><subfield code="a">2 v. :</subfield><subfield code="b">ill. ;</subfield><subfield code="c">41 cm.</subfield></datafield><datafield ind1=" " ind2=" " tag="310"><subfield code="a">Biweekly</subfield></datafield><datafield ind1="0" ind2=" " tag="362"><subfield code="a">Vol. 1, no. 1 (Mar. 3, 1982)-</subfield></datafield><datafield ind1="1" ind2=" " tag="362"><subfield code="a">Ceased in Apr. or May 1983.</subfield></datafield><datafield ind1=" " ind2=" " tag="752"><subfield code="a">United States</subfield><subfield code="b">Montana</subfield><subfield code="c">Rosebud</subfield><subfield code="d">Ashland.</subfield></datafield><datafield ind1="0" ind2="0" tag="785"><subfield code="t">Story (Ashland, Mont.)</subfield><subfield code="w">(DLC)sn 85053123</subfield></datafield></record>